@article{dbpedia-swj,
  added-at = {2017-03-31T18:49:41.000+0200},
  author = {Lehmann, Jens and Isele, Robert and Jakob, Max and Jentzsch, Anja and Kontokostas, Dimitris and Mendes, Pablo N. and Hellmann, Sebastian and Morsey, Mohamed and van Kleef, Patrick and Auer, S{\"o}ren and Bizer, Christian},
  bdsk-url-1 = {http://jens-lehmann.org/files/2014/swj_dbpedia.pdf},
  biburl = {https://www.bibsonomy.org/bibtex/2a5edc5b0d8c72ddba61890eac0a5c57b/aksw},
  interhash = {200216bdff758e6806b60acb04b5eea7},
  intrahash = {a5edc5b0d8c72ddba61890eac0a5c57b},
  journal = {Semantic Web Journal},
  keywords = {2014 MOLE dllearner geoknow group_aksw kontokostas lehmann lod2page topic\_Classification},
  number = 2,
  pages = {167--195},
  timestamp = {2017-03-31T18:49:41.000+0200},
  title = {{DBpedia} - A Large-scale, Multilingual Knowledge Base Extracted from Wikipedia},
  url = {http://jens-lehmann.org/files/2014/swj_dbpedia.pdf},
  volume = 6,
  year = 2015
}